<?xml version="1.0" encoding="UTF-8"?><collection xmlns="http://www.loc.gov/MARC21/slim"><record><leader>00617nam--2200181-i-4500</leader><controlfield tag="001">000020099</controlfield><controlfield tag="002">20161230</controlfield><controlfield tag="005">20161230201033</controlfield><controlfield tag="008">060222s1000------------r-----000-0-fre-d</controlfield><datafield ind1=" " ind2=" " tag="040"><subfield code="a">IFIN-HH</subfield></datafield><datafield ind1=" " ind2=" " tag="041"><subfield code="a">fre</subfield></datafield><datafield ind1=" " ind2=" " tag="080"><subfield code="a">535.331:546.431(043)</subfield></datafield><datafield ind1="1" ind2=" " tag="100"><subfield code="a">El Himdy, Abdelhak</subfield></datafield><datafield ind1="1" ind2="0" tag="245"><subfield code="a">Spectroscopie optogalvanique a deux etages de l'atome neutre de baryum et interpretation theorique des niveaux pairs situes entre 5,2 et 7e v</subfield><subfield code="b">These</subfield><subfield code="c">Abdelhak el himdy</subfield></datafield><datafield ind1=" " ind2=" " tag="260"><subfield code="a">Orsay</subfield><subfield code="b">Universite De Paris-sud</subfield><subfield code="c">1982</subfield></datafield><datafield ind1=" " ind2=" " tag="300"><subfield code="a">63 P.+ 22 TAB.+ 77 TAB.ANNEXES</subfield></datafield><datafield ind1=" " ind2=" " tag="852"><subfield code="a">71185</subfield><subfield code="c">535.55</subfield></datafield><datafield ind1=" " ind2=" " tag="CAT"><subfield code="a">Sys</subfield><subfield code="c">20101217</subfield><subfield code="h">081724</subfield></datafield></record></collection>